 @article{ghoulmie_cont_nadal_2005,
 	 title={Heterogeneity and feedback in an agent-based market model},
 	 volume={17}, 
 	 DOI={10.1088/0953-8984/17/14/015},
 	 number={14},
 	 journal={Journal of Physics: Condensed Matter}, 
 	 author={Ghoulmie, Francois and Cont, Rama and Nadal, Jean-Pierre}, 
 	 year={2005}} 
  
@book{epstein2007generative,
	author={Joshua M. Epstein},
	year={2007},
	title={Generative Social Science : Studies in Agent-Based Computational Modeling},
	publisher={Princeton University Press},
	address={Princeton},
	note={ID: 827792},
	isbn={9781400842872},
	language={English},
	url={http://ebookcentral.proquest.com/lib/jhu/detail.action?docID=827792}
}

@article{sun2013,
	author={Sun, Xu and Matsuzaki, Takuya and Li, Wenjie},
	journal={IEEE Transactions on Knowledge and Data Engineering}, 
	title={Latent Structured Perceptrons for Large-Scale Learning with Hidden Information}, 
	year={2013},
	volume={25},
	number={9},
	pages={2063-2075},	
	doi={10.1109/TKDE.2012.129}}

@book{koller2009,
	author = {Koller, Daphne and Friedman, Nir},
	title = {Probabilistic Graphical Models: Principles and Techniques - Adaptive Computation and Machine Learning},
	year = {2009},
	isbn = {0262013193},
	publisher = {The MIT Press}
}

@online{coursera,
	author = {Koller, Daphne},
	title = {Probabilistic Graphical Models 3: Learning},
	year = 2022,
	url = {https://www.coursera.org/learn/probabilistic-graphical-models-3-learning},
	urldate = {2022-03-10}
}

@online{causact,
	author = {Fleischhacker, Adam},
	title = {A Business Analyst's Guide to Business Analytics: Chapter 19, Parameter Estimation},
	year = 2022,
	url = {https://www.causact.com/parameter-estimation.html#parameter-estimation},
	urldate = {2022-05-10}
}

@book{radford2010,
	doi = {10.1201/b10905},
	url = {https://doi.org/10.1201%2Fb10905},
	year = 2011,
	month = {may},
	publisher = {Chapman and Hall/{CRC}
	},
	editor = {Steve Brooks and Andrew Gelman and Galin Jones and Xiao-Li Meng},
	title = {Handbook of Markov Chain Monte Carlo}
}


@ARTICLE{sun2022,	
	author={Sun, Shiliang and Dong, Ziang and Zhao, Jing},
	journal={IEEE Transactions on Neural Networks and Learning Systems}, 
	title={Conditional Random Fields for Multiview Sequential Data Modeling}, 
	year={2022},
	volume={33},
	number={3},
	pages={1242-1253},
	doi={10.1109/TNNLS.2020.3041591}}


@article{abramson2016,
	author    = {Myriam Abramson},
	title     = {Sequence Classification with Neural Conditional Random Fields},
	journal   = {CoRR},
	volume    = {abs/1602.02123},
	year      = {2016},
	url       = {http://arxiv.org/abs/1602.02123},
	eprinttype = {arXiv},
	eprint    = {1602.02123},
	timestamp = {Mon, 13 Aug 2018 16:48:16 +0200},
	biburl    = {https://dblp.org/rec/journals/corr/Abramson16.bib},
	bibsource = {dblp computer science bibliography, https://dblp.org}
}

@inproceedings{lafferty2001,
	author = {Lafferty, John D. and McCallum, Andrew and Pereira, Fernando C. N.},
	title = {Conditional Random Fields: Probabilistic Models for Segmenting and Labeling Sequence Data},
	year = {2001},
	isbn = {1558607781},
	publisher = {Morgan Kaufmann Publishers Inc.},
	address = {San Francisco, CA, USA},
	booktitle = {Proceedings of the Eighteenth International Conference on Machine Learning},
	pages = {282-289},
	numpages = {8},
	series = {ICML '01}
}

@article{thai2018,
	author    = {Dung Thai and
	Sree Harsha Ramesh and
	Shikhar Murty and
	Luke Vilnis and
	Andrew McCallum},
	title     = {Embedded-State Latent Conditional Random Fields for Sequence Labeling},
	journal   = {CoRR},
	volume    = {abs/1809.10835},
	year      = {2018},
	url       = {http://arxiv.org/abs/1809.10835},
	eprinttype = {arXiv},
	eprint    = {1809.10835},
	timestamp = {Fri, 05 Oct 2018 11:34:52 +0200},
	biburl    = {https://dblp.org/rec/journals/corr/abs-1809-10835.bib},
	bibsource = {dblp computer science bibliography, https://dblp.org}
}

@article{neogi2019,
	author    = {Satyajit Neogi and
	Justin Dauwels},
	title     = {Factored Latent-Dynamic Conditional Random Fields for Single and Multi-label
	Sequence Modeling},
	journal   = {CoRR},
	volume    = {abs/1911.03667},
	year      = {2019},
	url       = {http://arxiv.org/abs/1911.03667},
	eprinttype = {arXiv},
	eprint    = {1911.03667},
	timestamp = {Sun, 01 Dec 2019 20:31:34 +0100},
	biburl    = {https://dblp.org/rec/journals/corr/abs-1911-03667.bib},
	bibsource = {dblp computer science bibliography, https://dblp.org}
}

  @Manual{fleischhacker2022,
	title = {causact: Accelerated Bayesian Analytics with DAGs},
	author = {Adam Fleischhacker, Daniela Dapena, Rose Nguyen},
	year = {2022},
	note = {R package version 0.4.1},
	url = {https://cran.r-project.org/package=causact},
}

  @Manual{golding2022,
	title = {greta: Simple and Scalable Statistical Modelling in R},
	author = {Nick Golding, Nicholas Tierney, Simon Dirmeier},
	year = {2022},
	note = {R package version 0.4.2},
	url = {https://cran.r-project.org/package=greta},
}

  @Manual{ling2019,
	title = {CRF: Conditional Random Fields},
	author = {Ling-Yun Wu},
	year = {2019},
	note = {R package version 0.4-3},
	url = {https://CRAN.R-project.org/package=CRF},
}

  @Manual{scutari2021,
	title = {bnlearn: Bayesian Network Structure Learning, Parameter Learning and Inference},
	author = {Marco Scutari, Tomi Silander, Robert Ness},
	year = {2021},
	note = {R package version 4.7},
	url = {https://CRAN.R-project.org/package=bnlearn},
}

  @Manual{guo2021,
	title = {rstan: R Interface to Stan},
	author = {Jiqiang Guo, Jonah Gabry, Ben Goodrich},
	year = {2021},
	note = {R package version 2.21.3},
	url = {https://CRAN.R-project.org/package=rstan},
}

  @Manual{suter2021,
	title = {BiDAG: Bayesian Inference for Directed Acyclic Graphs},
	author = {Polina Suter, Jack Kuipers},
	year = {2021},
	note = {R package version 2.0.4},
	url = {https://CRAN.R-project.org/package=BiDAG},
}

  @Manual{mohammadi2021,
	title = {BDgraph: Bayesian Structure Learning in Graphical Models using Birth-Death MCMC},
	author = {Reza Mohammadi, Ernst Wit, Adrian Dobra},
	year = {2021},
	note = {R package version 2.64},
	url = {https://CRAN.R-project.org/package=BDgraph},
}



@online{netlogo,
	author = {Wilensky, U.},
	title = {NetLogo},
	publisher = {Center for Connected Learning and Computer-Based Modeling, Northwestern University, Evanston, IL},
	year = 1999,
	url = {http://ccl.northwestern.edu/netlogo/},
	urldate = {2022-03-10}
}



